
@book{clrs,
  title={Introduction to algorithms},
  author={Cormen, Thomas H and Leiserson, Charles E and Rivest, Ronald L and Stein, Clifford},
  year={2009},
  publisher={MIT press}
}

@book{adms,
 title = {The Algorithm Design Manual},
 author = {Skiena, Steven S.},
 year = {2008},
 isbn = {1848000693, 9781848000698},
 edition = {2nd},
 publisher = {Springer Publishing Company, Incorporated},
}

@book{adkt,
 title = {Algorithm Design},
 author = {Kleinberg, Jon and Tardos, Eva},
 year = {2005},
 isbn = {0321295358},
 publisher = {Addison-Wesley Longman Publishing Co., Inc.},
 address = {Boston, MA, USA},
}

@book{adpv,
  title={Algorithms},
  author={Dasgupta, S. and Papadimitriou, C. and Vazirani, U.},
  isbn={9780073523408},
  lccn={2006049014},
  year={2006},
  publisher={McGraw-Hill Education}
}

@book{asw,
  title={Algorithms},
  author={Sedgewick, R. and Wayne, K.},
  isbn={9780132762564},
  year={2011},
  publisher={Pearson Education}
}

@book{knuth1,
 author = {Knuth, Donald E.},
 title = {The Art of Computer Programming, Volume 1 (3rd Ed.): Fundamental Algorithms},
 year = {1997},
 isbn = {0-201-89683-4},
 publisher = {Addison Wesley Longman Publishing Co., Inc.},
 address = {Redwood City, CA, USA},
}

@book{knuth2,
 author = {Knuth, Donald E.},
 title = {The Art of Computer Programming, Volume 2 (3rd Ed.): Seminumerical Algorithms},
 year = {1997},
 isbn = {0-201-89684-2},
 publisher = {Addison-Wesley Longman Publishing Co., Inc.},
 address = {Boston, MA, USA},
}

@book{knuth3,
 author = {Knuth, Donald E.},
 title = {The Art of Computer Programming, Volume 3: (2nd Ed.) Sorting and Searching},
 year = {1998},
 isbn = {0-201-89685-0},
 publisher = {Addison Wesley Longman Publishing Co., Inc.},
 address = {Redwood City, CA, USA},
}

@book{knuth4.1,
 author = {Knuth, Donald E.},
 title = {The Art of Computer Programming, Volume 1, Fascicle 1: MMIX -- A RISC Computer for the New Millennium (Art of Computer Programming)},
 year = {2005},
 isbn = {0201853922},
 publisher = {Addison-Wesley Professional},
}

@book{knuth4.2,
 author = {Knuth, Donald E.},
 title = {The Art of Computer Programming, Volume 4, Fascicle 2: Generating All Tuples and Permutations (Art of Computer Programming)},
 year = {2005},
 isbn = {0201853930},
 publisher = {Addison-Wesley Professional},
}

@book{knuth4.3,
 author = {Knuth, Donald E.},
 title = {The Art of Computer Programming, Volume 4, Fascicle 3: Generating All Combinations and Partitions},
 year = {2005},
 isbn = {0201853949},
 publisher = {Addison-Wesley Professional},
}

@book{knuth4.4,
 author = {Knuth, Donald E.},
 title = {The Art of Computer Programming, Volume 4, Fascicle 4: Generating All Trees--History of Combinatorial Generation (Art of Computer Programming)},
 year = {2006},
 isbn = {0321335708},
 publisher = {Addison-Wesley Professional},
}

@book{epi,
 author = "Aziz, Adnan and Lee, Tsung-Hsien and Prakash, Amit",
 title = "Elements of Programming Interviews: The Insiders' Guide",
 publisher = "CreateSpace Independent Publishing Platform",
 year = 2012,
}

