
@inproceedings{bigdatabench,
	title={Bigdatabench: A big data benchmark suite from internet services},
  	author={Wang, Lei and Zhan, Jianfeng and Luo, Chunjie and Zhu, Yuqing and Yang, Qiang and He, Yongqiang and Gao, Wanling and Jia, Zhen and Shi, Yingjie and Zhang, Shujie and others},
	booktitle={The 20th IEEE International Symposium On High Performance Computer Architecture (HPCA 2014)},
	year={2014},
	organization={IEEE}
}

@inproceedings{splash2,
  title={The SPLASH-2 programs: Characterization and methodological considerations},
  author={Woo, Steven Cameron and Ohara, Moriyoshi and Torrie, Evan and Singh, Jaswinder Pal and Gupta, Anoop},
  booktitle={ACM SIGARCH Computer Architecture News},
  volume={23},
  number={2},
  pages={24--36},
  year={1995},
  organization={ACM}
}

@inproceedings{parsec2.0,
  title={Parsec 2.0: A new benchmark suite for chip-multiprocessors},
  author={Bienia, Christian and Li, Kai},
  booktitle={Proceedings of the 5th Annual Workshop on Modeling, Benchmarking and Simulation},
  year={2009}
}

@inproceedings{parsec-splash2,
  title={PARSEC vs. SPLASH-2: A quantitative comparison of two multithreaded benchmark suites on chip-multiprocessors},
  author={Bienia, Christian and Kumar, Sanjeev and Li, Kai},
  booktitle={Workload Characterization, 2008. IISWC 2008. IEEE International Symposium on},
  pages={47--56},
  year={2008},
  organization={IEEE}
}

@article{ganglia,
  title={The ganglia distributed monitoring system: design, implementation, and experience},
  author={Massie, Matthew L and Chun, Brent N and Culler, David E},
  journal={Parallel Computing},
  volume={30},
  number={7},
  pages={817--840},
  year={2004},
  publisher={Elsevier}
}

@inproceedings{pipelinemodel,
  title={Characteristics of workloads using the pipeline programming model},
  author={Bienia, Christian and Li, Kai},
  booktitle={Computer Architecture},
  pages={161--171},
  year={2012},
  organization={Springer}
}
