
@book{interconnection,
  title={Interconnection networks: An engineering approach},
  author={Duato, Jose and Yalamanchili, Sudhakar and Ni, Lionel M},
  year={2003},
  publisher={Morgan Kaufmann}
}


