
@article{openflow,
  title={OpenFlow: enabling innovation in campus networks},
  author={McKeown, Nick and Anderson, Tom and Balakrishnan, Hari and Parulkar, Guru and Peterson, Larry and Rexford, Jennifer and Shenker, Scott and Turner, Jonathan},
  journal={ACM SIGCOMM Computer Communication Review},
  volume={38},
  number={2},
  pages={69--74},
  year={2008},
  publisher={ACM}
}

@inproceedings{devoflow,
  title={Devoflow: scaling flow management for high-performance networks},
  author={Curtis, Andrew R and Mogul, Jeffrey C and Tourrilhes, Jean and Yalagandula, Praveen and Sharma, Puneet and Banerjee, Sujata},
  booktitle={ACM SIGCOMM Computer Communication Review},
  volume={41},
  number={4},
  pages={254--265},
  year={2011},
  organization={ACM}
}

@inproceedings{ovs,
  title={Extending Networking into the Virtualization Layer.},
  author={Pfaff, Ben and Pettit, Justin and Amidon, Keith and Casado, Martin and Koponen, Teemu and Shenker, Scott},
  booktitle={Hotnets},
  year={2009}
}

@inproceedings{mininet,
  title={A network in a laptop: rapid prototyping for software-defined networks},
  author={Lantz, Bob and Heller, Brandon and McKeown, Nick},
  booktitle={Proceedings of the 9th ACM SIGCOMM Workshop on Hot Topics in Networks},
  pages={19},
  year={2010},
  organization={ACM}
}

@article{nox,
  title={NOX: towards an operating system for networks},
  author={Gude, Natasha and Koponen, Teemu and Pettit, Justin and Pfaff, Ben and Casado, Mart{\'\i}n and McKeown, Nick and Shenker, Scott},
  journal={ACM SIGCOMM Computer Communication Review},
  volume={38},
  number={3},
  pages={105--110},
  year={2008},
  publisher={ACM}
}

@inproceedings{beacon,
  title={The beacon openflow controller},
  author={Erickson, David},
  booktitle={Proceedings of the second ACM SIGCOMM workshop on Hot topics in software defined networking},
  pages={13--18},
  year={2013},
  organization={ACM}
}

@inproceedings{kandoo,
  title={Kandoo: a framework for efficient and scalable offloading of control applications},
  author={Hassas Yeganeh, Soheil and Ganjali, Yashar},
  booktitle={Proceedings of the first workshop on Hot topics in software defined networks},
  pages={19--24},
  year={2012},
  organization={ACM}
}

@inproceedings{elasticon,
  title={Towards an elastic distributed sdn controller},
  author={Dixit, Advait and Hao, Fang and Mukherjee, Sarit and Lakshman, TV and Kompella, Ramana},
  booktitle={Proceedings of the second ACM SIGCOMM workshop on Hot topics in software defined networking},
  pages={7--12},
  year={2013},
  organization={ACM}
}

@inproceedings{onix,
  title={Onix: A Distributed Control Platform for Large-scale Production Networks.},
  author={Koponen, Teemu and Casado, Martin and Gude, Natasha and Stribling, Jeremy and Poutievski, Leon and Zhu, Min and Ramanathan, Rajiv and Iwata, Yuichiro and Inoue, Hiroaki and Hama, Takayuki and others},
  booktitle={OSDI},
  volume={10},
  pages={1--6},
  year={2010}
}

@article{difane,
  title={Scalable flow-based networking with DIFANE},
  author={Yu, Minlan and Rexford, Jennifer and Freedman, Michael J and Wang, Jia},
  journal={ACM SIGCOMM Computer Communication Review},
  volume={40},
  number={4},
  pages={351--362},
  year={2010},
  publisher={ACM}
}

@inproceedings{maple,
  title={Maple: Simplifying SDN programming using algorithmic policies},
  author={Voellmy, Andreas and Wang, Junchang and Yang, Y Richard and Ford, Bryan and Hudak, Paul},
  booktitle={Proceedings of the ACM SIGCOMM 2013 conference on SIGCOMM},
  pages={87--98},
  year={2013},
  organization={ACM}
}

@inproceedings{loadbalance,
  title={OpenFlow-based server load balancing gone wild},
  author={Wang, Richard and Butnariu, Dana and Rexford, Jennifer},
  booktitle={Proceedings of the 11th USENIX conference on Hot topics in management of internet, cloud, and enterprise networks and services},
  pages={12--12},
  year={2011},
  organization={USENIX Association}
}

@inproceedings{rulemanagement,
 author = {Moshref, Masoud and Yu, Minlan and Sharma, Abhishek and Govindan, Ramesh},
 title = {Scalable Rule Management for Data Centers},
 booktitle = {Proceedings of the 10th USENIX Conference on Networked Systems Design and Implementation},
 series = {nsdi'13},
 year = {2013},
 location = {Lombard, IL},
 pages = {157--170},
 numpages = {14},
 url = {http://dl.acm.org/citation.cfm?id=2482626.2482643},
 acmid = {2482643},
 publisher = {USENIX Association},
 address = {Berkeley, CA, USA},
} 

@inproceedings{ioflow,
  title={Ioflow: A software-defined storage architecture},
  author={Thereska, Eno and Ballani, Hitesh and O'Shea, Greg and Karagiannis, Thomas and Rowstron, Antony and Talpey, Tom and Black, Richard and Zhu, Timothy},
  booktitle={Proceedings of the Twenty-Fourth ACM Symposium on Operating Systems Principles},
  pages={182--196},
  year={2013},
  organization={ACM}
}

@inproceedings{counters,
  title={Hey, you darned counters!: get off my ASIC!},
  author={Mogul, Jeffrey C and Congdon, Paul},
  booktitle={Proceedings of the first workshop on Hot topics in software defined networks},
  pages={25--30},
  year={2012},
  organization={ACM}
}

@inproceedings{rmt,
  title={Forwarding metamorphosis: Fast programmable match-action processing in hardware for SDN},
  author={Bosshart, Pat and Gibb, Glen and Kim, Hun-Seok and Varghese, George and McKeown, Nick and Izzard, Martin and Mujica, Fernando and Horowitz, Mark},
  booktitle={Proceedings of the ACM SIGCOMM 2013 conference on SIGCOMM},
  pages={99--110},
  year={2013},
  organization={ACM}
}

@inproceedings{nice,
  title={A NICE Way to Test OpenFlow Applications.},
  author={Canini, Marco and Venzano, Daniele and Peresini, Peter and Kostic, Dejan and Rexford, Jennifer and others},
  booktitle={NSDI},
  pages={127--140},
  year={2012}
}

@inproceedings{portland,
  title={Portland: a scalable fault-tolerant layer 2 data center network fabric},
  author={Niranjan Mysore, Radhika and Pamboris, Andreas and Farrington, Nathan and Huang, Nelson and Miri, Pardis and Radhakrishnan, Sivasankar and Subramanya, Vikram and Vahdat, Amin},
  booktitle={ACM SIGCOMM Computer Communication Review},
  volume={39},
  number={4},
  pages={39--50},
  year={2009},
  organization={ACM}
}

@inproceedings{dream,
  title={DREAM: Dynamic Resource Allocation for Software-defined Measurement},
  author={Moshref, Masoud and Yu, Minlan and Govindan, Ramesh and Vahdat, Amin},
  booktitle={ACM SIGCOMM Computer Communication Review},
  year={2014},
  organization={ACM}
}

@article{flowstate,
  title={Flow-level State Transition as a New Switch Primitive for SDN},
  author={Moshref, Masoud and Bhargava, Apoorv and Gupta, Adhip and Yu, Minlan and Govindan, Ramesh},
  year={2014}
}

@inproceedings{opensketch,
  title={{fSoftware Defined Traffic Measurement with OpenSketch.}},
  author={Yu, Minlan and Jose, Lavanya and Miao, Rui}
}

@inproceedings{b4,
  title={B4: Experience with a globally-deployed software defined WAN},
  author={Jain, Sushant and Kumar, Alok and Mandal, Subhasree and Ong, Joon and Poutievski, Leon and Singh, Arjun and Venkata, Subbaiah and Wanderer, Jim and Zhou, Junlan and Zhu, Min and others},
  booktitle={Proceedings of the ACM SIGCOMM 2013 conference on SIGCOMM},
  pages={3--14},
  year={2013},
  organization={ACM}
}

@inproceedings{swan,
  title={Achieving high utilization with software-driven WAN},
  author={Hong, Chi-Yao and Kandula, Srikanth and Mahajan, Ratul and Zhang, Ming and Gill, Vijay and Nanduri, Mohan and Wattenhofer, Roger},
  booktitle={Proceedings of the ACM SIGCOMM 2013 conference on SIGCOMM},
  pages={15--26},
  year={2013},
  organization={ACM}
}

@inproceedings{stateman,
  title={A network-state management service},
  author={Sun, Peng and Mahajan, Ratul and Rexford, Jennifer and Yuan, Lihua and Zhang, Ming and Arefin, Ahsan},
  booktitle={Proceedings of the 2014 ACM conference on SIGCOMM},
  pages={563--574},
  year={2014},
  organization={ACM}
}


