
@article{bdsurvey,
  title={Big Data: A Survey},
  author={Chen, Min and Mao, Shiwen and Liu, Yunhao},
  journal={Mobile Networks and Applications},
  volume={19},
  number={2},
  pages={171--209},
  year={2014},
  publisher={Springer}
}

@inproceedings{captheory,
  title={Towards robust distributed systems},
  author={Brewer, Eric A},
  booktitle={PODC},
  pages={7},
  year={2000}
}

@article{capproof,
  title={Brewer's conjecture and the feasibility of consistent, available, partition-tolerant web services},
  author={Gilbert, Seth and Lynch, Nancy},
  journal={ACM SIGACT News},
  volume={33},
  number={2},
  pages={51--59},
  year={2002},
  publisher={ACM}
}

@article{gfs-small,
  title={GFS: Evolution on Fast-forward.},
  author={McKusick, Marshall K and Quinlan, Sean}
}

