
@article{readpaper,
  title={How to read a paper},
  author={Keshav, S},
  journal={ACM SIGCOMM Computer Communication Review},
  volume={37},
  number={3},
  pages={83--84},
  year={2007},
  publisher={ACM}
}

@article{writereview,
  title={Analyzing the past to prepare for the future: Writing a literature review},
  author={Webster, Jane and Watson, Richard T},
  journal={Management Information Systems Quarterly},
  volume={26},
  number={2},
  pages={3},
  year={2002}
}

@article{crafting,
  title={{Crafting Your Research Future: A Guide to Successful Master's and Ph.D. Degrees in Science \& Engineering}},
  author={Ling, Charles X and Yang, Qiang},
  journal={Synthesis Lectures on Engineering},
  volume={7},
  number={3},
  pages={1--168},
  year={2012},
  publisher={Morgan \& Claypool Publishers}
}

@article{systempaper,
  title={How (and how not) to write a good systems paper},
  author={Levin, Roy and Redell, David D},
  journal={ACM SIGOPS Operating Systems Review},
  volume={17},
  number={3},
  pages={35--40},
  year={1983}
}


