
@inproceedings{mapred,
  author = {Dean, Jeffrey and Ghemawat, Sanjay},
  booktitle = {OSDI 2004},
  journal = {OSDI '04},
  pages = {137--150},
  posted-at = {2009-10-19 08:48:31},
  title = {MapReduce: Simplified Data Processing on Large Clusters},
  url = {http://www.usenix.org/events/osdi04/tech/dean.html},
  year = {2004}
}

@inproceedings{pregel,
  title={Pregel: a system for large-scale graph processing},
  author={Malewicz, Grzegorz and Austern, Matthew H and Bik, Aart JC and Dehnert, James C and Horn, Ilan and Leiser, Naty and Czajkowski, Grzegorz},
  booktitle={Proceedings of the 2010 ACM SIGMOD International Conference on Management of data},
  pages={135--146},
  year={2010},
  organization={ACM}
}

@article{graphlab10,
  title={GraphLab: A New Framework For Parallel Machine Learning},
  author={Low, Yucheng and Gonzalez, Joseph and Kyrola, Aapo and Bickson, Danny and Guestrin, Carlos and Hellerstein, Joseph M}
}

@article{graphlab12,
  title={Distributed GraphLab: a framework for machine learning and data mining in the cloud},
  author={Low, Yucheng and Bickson, Danny and Gonzalez, Joseph and Guestrin, Carlos and Kyrola, Aapo and Hellerstein, Joseph M},
  journal={Proceedings of the VLDB Endowment},
  volume={5},
  number={8},
  pages={716--727},
  year={2012},
  publisher={VLDB Endowment}
}

@article{millwheel,
  title={MillWheel: fault-tolerant stream processing at internet scale},
  author={Akidau, Tyler and Balikov, Alex and Bekiro{\u{g}}lu, Kaya and Chernyak, Slava and Haberman, Josh and Lax, Reuven and McVeety, Sam and Mills, Daniel and Nordstrom, Paul and Whittle, Sam},
  journal={Proceedings of the VLDB Endowment},
  volume={6},
  number={11},
  pages={1033--1044},
  year={2013},
  publisher={VLDB Endowment}
}

@inproceedings{flumejava,
  title={FlumeJava: easy, efficient data-parallel pipelines},
  author={Chambers, Craig and Raniwala, Ashish and Perry, Frances and Adams, Stephen and Henry, Robert R and Bradshaw, Robert and Weizenbaum, Nathan},
  booktitle={ACM Sigplan Notices},
  volume={45},
  number={6},
  pages={363--375},
  year={2010},
  organization={ACM}
}

@book{hadoop,
  title={Hadoop: the definitive guide: the definitive guide},
  author={White, Tom},
  year={2009},
  publisher={O'Reilly Media, Inc.}
}

@article{pig,
  title={Building a high-level dataflow system on top of Map-Reduce: the Pig experience},
  author={Gates, Alan F and Natkovich, Olga and Chopra, Shubham and Kamath, Pradeep and Narayanamurthy, Shravan M and Olston, Christopher and Reed, Benjamin and Srinivasan, Santhosh and Srivastava, Utkarsh},
  journal={Proceedings of the VLDB Endowment},
  volume={2},
  number={2},
  pages={1414--1425},
  year={2009},
  publisher={VLDB Endowment}
}

@article{haloop,
  title={HaLoop: Efficient iterative data processing on large clusters},
  author={Bu, Yingyi and Howe, Bill and Balazinska, Magdalena and Ernst, Michael D},
  journal={Proceedings of the VLDB Endowment},
  volume={3},
  number={1-2},
  pages={285--296},
  year={2010},
  publisher={VLDB Endowment}
}

@inproceedings{mapredonline,
  title={MapReduce Online.},
  author={Condie, Tyson and Conway, Neil and Alvaro, Peter and Hellerstein, Joseph M and Elmeleegy, Khaled and Sears, Russell},
  booktitle={NSDI},
  volume={10},
  number={4},
  pages={20},
  year={2010}
}

@inproceedings{mapredmerge,
  title={Map-reduce-merge: simplified relational data processing on large clusters},
  author={Yang, Hung-chih and Dasdan, Ali and Hsiao, Ruey-Lung and Parker, D Stott},
  booktitle={Proceedings of the 2007 ACM SIGMOD international conference on Management of data},
  pages={1029--1040},
  year={2007},
  organization={ACM}
}

@article{mapjoinred,
  title={MAP-JOIN-REDUCE: Toward scalable and efficient data analysis on large clusters},
  author={Jiang, David and Tung, A and Chen, Gang},
  journal={Knowledge and Data Engineering, IEEE Transactions on},
  volume={23},
  number={9},
  pages={1299--1311},
  year={2011},
  publisher={IEEE}
}

@inproceedings{llama,
  title={Llama: leveraging columnar storage for scalable join processing in the MapReduce framework},
  author={Lin, Yuting and Agrawal, Divyakant and Chen, Chun and Ooi, Beng Chin and Wu, Sai},
  booktitle={Proceedings of the 2011 ACM SIGMOD International Conference on Management of data},
  pages={961--972},
  year={2011},
  organization={ACM}
}

@inproceedings{twister,
  title={Twister: a runtime for iterative mapreduce},
  author={Ekanayake, Jaliya and Li, Hui and Zhang, Bingjing and Gunarathne, Thilina and Bae, Seung-Hee and Qiu, Judy and Fox, Geoffrey},
  booktitle={Proceedings of the 19th ACM International Symposium on High Performance Distributed Computing},
  pages={810--818},
  year={2010},
  organization={ACM}
}

@inproceedings{ciel,
  title={CIEL: A Universal Execution Engine for Distributed Data-Flow Computing.},
  author={Murray, Derek Gordon and Schwarzkopf, Malte and Smowton, Christopher and Smith, Steven and Madhavapeddy, Anil and Hand, Steven},
  booktitle={NSDI},
  volume={11},
  pages={9--9},
  year={2011}
}

@inproceedings{storm,
  title={Storm@ twitter},
  author={Toshniwal, Ankit and Taneja, Siddarth and Shukla, Amit and Ramasamy, Karthik and Patel, Jignesh M and Kulkarni, Sanjeev and Jackson, Jason and Gade, Krishna and Fu, Maosong and Donham, Jake and others},
  booktitle={Proceedings of the 2014 ACM SIGMOD international conference on Management of data},
  pages={147--156},
  year={2014},
  organization={ACM}
}

@inproceedings{megapipe,
  title={MegaPipe: A New Programming Interface for Scalable Network I/O.},
  author={Han, Sangjin and Marshall, Scott and Chun, Byung-Gon and Ratnasamy, Sylvia},
  booktitle={OSDI},
  pages={135--148},
  year={2012}
}

@article{dryad,
  title={Dryad: distributed data-parallel programs from sequential building blocks},
  author={Isard, Michael and Budiu, Mihai and Yu, Yuan and Birrell, Andrew and Fetterly, Dennis},
  journal={ACM SIGOPS Operating Systems Review},
  volume={41},
  number={3},
  pages={59--72},
  year={2007},
  publisher={ACM}
}

@inproceedings{dryadlinq,
  title={DryadLINQ: A System for General-Purpose Distributed Data-Parallel Computing Using a High-Level Language.},
  author={Yu, Yuan and Isard, Michael and Fetterly, Dennis and Budiu, Mihai and Erlingsson, {\'U}lfar and Gunda, Pradeep Kumar and Currey, Jon},
  booktitle={OSDI},
  volume={8},
  pages={1--14},
  year={2008}
}

@inproceedings{spark,
  title={Spark: cluster computing with working sets},
  author={Zaharia, Matei and Chowdhury, Mosharaf and Franklin, Michael J and Shenker, Scott and Stoica, Ion},
  booktitle={Proceedings of the 2nd USENIX conference on Hot topics in cloud computing},
  pages={10--10},
  year={2010}
}

@inproceedings{rdd,
  title={Resilient distributed datasets: A fault-tolerant abstraction for in-memory cluster computing},
  author={Zaharia, Matei and Chowdhury, Mosharaf and Das, Tathagata and Dave, Ankur and Ma, Justin and McCauley, Murphy and Franklin, Michael J and Shenker, Scott and Stoica, Ion},
  booktitle={Proceedings of the 9th USENIX conference on Networked Systems Design and Implementation},
  pages={2--2},
  year={2012},
  organization={USENIX Association}
}

@article{sparkshuffle,
  title={Optimizing Shuffle Performance in Spark},
  author={Davidson, Aaron and Or, Andrew}
}

@inproceedings{shark,
  title={Shark: SQL and rich analytics at scale},
  author={Xin, Reynold S and Rosen, Josh and Zaharia, Matei and Franklin, Michael J and Shenker, Scott and Stoica, Ion},
  booktitle={Proceedings of the 2013 international conference on Management of data},
  pages={13--24},
  year={2013},
  organization={ACM}
}

@inproceedings{graphx,
  title={Graphx: A resilient distributed graph system on spark},
  author={Xin, Reynold S and Gonzalez, Joseph E and Franklin, Michael J and Stoica, Ion},
  booktitle={First International Workshop on Graph Data Management Experiences and Systems},
  pages={2},
  year={2013},
  organization={ACM}
}

@inproceedings{powergraph,
  title={PowerGraph: Distributed Graph-Parallel Computation on Natural Graphs.},
  author={Gonzalez, Joseph E and Low, Yucheng and Gu, Haijie and Bickson, Danny and Guestrin, Carlos},
  booktitle={OSDI},
  volume={12},
  number={1},
  pages={2},
  year={2012}
}

@inproceedings{graphchi,
  title={GraphChi: Large-Scale Graph Computation on Just a PC.},
  author={Kyrola, Aapo and Blelloch, Guy E and Guestrin, Carlos},
  booktitle={OSDI},
  volume={12},
  pages={31--46},
  year={2012}
}

@inproceedings{sparkstream,
  title={Discretized streams: an efficient and fault-tolerant model for stream processing on large clusters},
  author={Zaharia, Matei and Das, Tathagata and Li, Haoyuan and Shenker, Scott and Stoica, Ion},
  booktitle={Proceedings of the 4th USENIX conference on Hot Topics in Cloud Ccomputing},
  pages={10--10},
  year={2012},
  organization={USENIX Association}
}

@article{dstream,
  title={Changing Engines in Midstream: A Java Stream Computational Model for Big Data Processing},
  author={Su, Xueyuan and Swart, Garret and Goetz, Brian and Oliver, Brian and Sandoz, Paul},
  journal={Proceedings of the VLDB Endowment},
  volume={7},
  number={13},
  year={2014}
}

@inproceedings{datampi,
  title={DataMPI: Extending MPI to Hadoop-Like Big Data Computing},
  author={Lu, Xiaoyi and Liang, Fan and Wang, Bing and Zha, Li and Xu, Zhiwei},
  booktitle={Parallel and Distributed Processing Symposium, 2014 IEEE 28th International},
  pages={829--838},
  year={2014},
  organization={IEEE}
}

@inproceedings{nexus,
  title={Nexus: A common substrate for cluster computing},
  author={Hindman, Benjamin and Konwinski, Andrew and Zaharia, Matei and Ghodsi, Ali and Joseph, Anthony D and Shenker, Scott and Stoica, Ion},
  booktitle={Workshop on Hot Topics in Cloud Computing},
  year={2009}
}

@inproceedings{mesos,
  title={Mesos: A Platform for Fine-Grained Resource Sharing in the Data Center.},
  author={Hindman, Benjamin and Konwinski, Andy and Zaharia, Matei and Ghodsi, Ali and Joseph, Anthony D and Katz, Randy H and Shenker, Scott and Stoica, Ion},
  booktitle={NSDI},
  volume={11},
  pages={22--22},
  year={2011}
}

@inproceedings{yarn,
  title={Apache hadoop yarn: Yet another resource negotiator},
  author={Vavilapalli, Vinod Kumar and Murthy, Arun C and Douglas, Chris and Agarwal, Sharad and Konar, Mahadev and Evans, Robert and Graves, Thomas and Lowe, Jason and Shah, Hitesh and Seth, Siddharth and others},
  booktitle={Proceedings of the 4th annual Symposium on Cloud Computing},
  pages={5},
  year={2013},
  organization={ACM}
}

@inproceedings{omega,
  title={Omega: flexible, scalable schedulers for large compute clusters},
  author={Schwarzkopf, Malte and Konwinski, Andy and Abd-El-Malek, Michael and Wilkes, John},
  booktitle={Proceedings of the 8th ACM European Conference on Computer Systems},
  pages={351--364},
  year={2013},
  organization={ACM}
}

@article{cosmos-scope,
  title={SCOPE: easy and efficient parallel processing of massive data sets},
  author={Chaiken, Ronnie and Jenkins, Bob and Larson, Per-{\AA}ke and Ramsey, Bill and Shakib, Darren and Weaver, Simon and Zhou, Jingren},
  journal={Proceedings of the VLDB Endowment},
  volume={1},
  number={2},
  pages={1265--1276},
  year={2008},
  publisher={VLDB Endowment}
}

@article{fuxi,
  title={Fuxi: a Fault-Tolerant Resource Management and Job Scheduling System at Internet Scale},
  author={Zhang, Zhuo and Li, Chao and Tao, Yangyu and Yang, Renyu and Tang, Hong and Xu, Jie},
  journal={Proceedings of the VLDB Endowment},
  volume={7},
  number={13},
  year={2014}
}

@inproceedings{allpairs,
  title={All-pairs: An abstraction for data-intensive cloud computing},
  author={Moretti, Christopher and Bulosan, Jared and Thain, Douglas and Flynn, Patrick J},
  booktitle={Parallel and Distributed Processing, 2008. IPDPS 2008. IEEE International Symposium on},
  pages={1--11},
  year={2008},
  organization={IEEE}
}

@inproceedings{varys,
  title={Efficient coflow scheduling with Varys},
  author={Chowdhury, Mosharaf and Zhong, Yuan and Stoica, Ion},
  booktitle={Proceedings of the 2014 ACM conference on SIGCOMM},
  pages={443--454},
  year={2014},
  organization={ACM}
}

@inproceedings{coflow,
  title={Coflow: A networking abstraction for cluster applications},
  author={Chowdhury, Mosharaf and Stoica, Ion},
  booktitle={Proceedings of the 11th ACM Workshop on Hot Topics in Networks},
  pages={31--36},
  year={2012},
  organization={ACM}
}

@article{coflowscheduling,
  title={Minimizing the Total Weighted Completion Time of Coflows in Datacenter Networks},
  author={Qiu, Zhen and Stein, Cliff and Zhong, Yuan},
  year={2014}
}

@inproceedings{orchestra,
  title={Managing data transfers in computer clusters with orchestra},
  author={Chowdhury, Mosharaf and Zaharia, Matei and Ma, Justin and Jordan, Michael I and Stoica, Ion},
  booktitle={ACM SIGCOMM Computer Communication Review},
  volume={41},
  number={4},
  pages={98--109},
  year={2011},
  organization={ACM}
}

@inproceedings{dot,
  title={An Architecture for Internet Data Transfer.},
  author={Tolia, Niraj and Kaminsky, Michael and Andersen, David G and Patil, Swapnil},
  booktitle={NSDI},
  year={2006}
}

@inproceedings{hedera,
  title={Hedera: Dynamic Flow Scheduling for Data Center Networks.},
  author={Al-Fares, Mohammad and Radhakrishnan, Sivasankar and Raghavan, Barath and Huang, Nelson and Vahdat, Amin},
  booktitle={NSDI},
  volume={10},
  pages={19--19},
  year={2010}
}

@misc{baraat,
  title={Decentralized Task-Aware Scheduling for Data Center Networks},
  author={Dogar, Fahad R and Karagiannis, Thomas and Ballani, Hitesh and Rowstron, Ant},
  year={2013},
  publisher={September}
}

@inproceedings{shufflewatcher,
  title={ShuffleWatcher: Shuffle-aware scheduling in multi-tenant MapReduce clusters},
  author={Ahmad, Faraz and Chakradhar, Srimat T and Raghunathan, Anand and Vijaykumar, TN},
  booktitle={Proceedings of the 2014 USENIX conference on USENIX Annual Technical Conference},
  pages={1--12},
  year={2014},
  organization={USENIX Association}
}

@inproceedings{sinbad,
  title={Leveraging endpoint flexibility in data-intensive clusters},
  author={Chowdhury, Mosharaf and Kandula, Srikanth and Stoica, Ion},
  booktitle={Proceedings of the ACM SIGCOMM 2013 conference on SIGCOMM},
  pages={231--242},
  year={2013},
  organization={ACM}
}

@inproceedings{delay,
  title={Delay scheduling: a simple technique for achieving locality and fairness in cluster scheduling},
  author={Zaharia, Matei and Borthakur, Dhruba and Sen Sarma, Joydeep and Elmeleegy, Khaled and Shenker, Scott and Stoica, Ion},
  booktitle={Proceedings of the 5th European conference on Computer systems},
  pages={265--278},
  year={2010},
  organization={ACM}
}

@inproceedings{late,
  title={Improving MapReduce Performance in Heterogeneous Environments.},
  author={Zaharia, Matei and Konwinski, Andy and Joseph, Anthony D and Katz, Randy H and Stoica, Ion},
  booktitle={OSDI},
  volume={8},
  number={4},
  pages={7},
  year={2008}
}

@inproceedings{sparrow,
  title={Sparrow: distributed, low latency scheduling},
  author={Ousterhout, Kay and Wendell, Patrick and Zaharia, Matei and Stoica, Ion},
  booktitle={Proceedings of the Twenty-Fourth ACM Symposium on Operating Systems Principles},
  pages={69--84},
  year={2013},
  organization={ACM}
}

@inproceedings{hadoopmodel,
  title={Assigning tasks for efficiency in Hadoop},
  author={Fischer, Michael J and Su, Xueyuan and Yin, Yitong},
  booktitle={Proceedings of the 22nd ACM symposium on Parallelism in algorithms and architectures},
  pages={30--39},
  year={2010},
  organization={ACM}
}

@inproceedings{bar,
  title={BAR: an efficient data locality driven task scheduling algorithm for cloud computing},
  author={Jin, Jiahui and Luo, Junzhou and Song, Aibo and Dong, Fang and Xiong, Runqun},
  booktitle={Proceedings of the 2011 11th IEEE/ACM International Symposium on Cluster, Cloud and Grid Computing},
  pages={295--304},
  year={2011},
  organization={IEEE Computer Society}
}

@inproceedings{quincy,
  title={Quincy: fair scheduling for distributed computing clusters},
  author={Isard, Michael and Prabhakaran, Vijayan and Currey, Jon and Wieder, Udi and Talwar, Kunal and Goldberg, Andrew},
  booktitle={Proceedings of the ACM SIGOPS 22nd symposium on Operating systems principles},
  pages={261--276},
  year={2009},
  organization={ACM}
}

@article{paragon,
  title={Paragon: QoS-aware scheduling for heterogeneous datacenters},
  author={Delimitrou, Christina and Kozyrakis, Christos},
  journal={ACM SIGARCH Computer Architecture News},
  volume={41},
  number={1},
  pages={77--88},
  year={2013},
  publisher={ACM}
}

@inproceedings{boxwood,
  title={Boxwood: Abstractions as the Foundation for Storage Infrastructure.},
  author={MacCormick, John and Murphy, Nick and Najork, Marc and Thekkath, Chandramohan A and Zhou, Lidong},
  booktitle={OSDI},
  volume={4},
  pages={8--8},
  year={2004}
}

@inproceedings{chubby,
  title={The Chubby lock service for loosely-coupled distributed systems},
  author={Burrows, Mike},
  booktitle={Proceedings of the 7th symposium on Operating systems design and implementation},
  pages={335--350},
  year={2006},
  organization={USENIX Association}
}

@inproceedings{zookeeper,
  title={ZooKeeper: Wait-free Coordination for Internet-scale Systems.},
  author={Hunt, Patrick and Konar, Mahadev and Junqueira, Flavio Paiva and Reed, Benjamin},
  booktitle={USENIX Annual Technical Conference},
  volume={8},
  pages={9},
  year={2010}
}

@inproceedings{gfs,
  title={The Google file system},
  author={Ghemawat, Sanjay and Gobioff, Howard and Leung, Shun-Tak},
  booktitle={ACM SIGOPS Operating Systems Review},
  volume={37},
  number={5},
  pages={29--43},
  year={2003},
  organization={ACM}
}

@inproceedings{hdfs,
  title={The hadoop distributed file system},
  author={Shvachko, Konstantin and Kuang, Hairong and Radia, Sanjay and Chansler, Robert},
  booktitle={Mass Storage Systems and Technologies (MSST), 2010 IEEE 26th Symposium on},
  pages={1--10},
  year={2010},
  organization={IEEE}
}

@article{bigtable,
  title={Bigtable: A distributed storage system for structured data},
  author={Chang, Fay and Dean, Jeffrey and Ghemawat, Sanjay and Hsieh, Wilson C and Wallach, Deborah A and Burrows, Mike and Chandra, Tushar and Fikes, Andrew and Gruber, Robert E},
  journal={ACM Transactions on Computer Systems (TOCS)},
  volume={26},
  number={2},
  pages={4},
  year={2008},
  publisher={ACM}
}

@article{spanner,
  title={Spanner: Google's globally distributed database},
  author={Corbett, James C and Dean, Jeffrey and Epstein, Michael and Fikes, Andrew and Frost, Christopher and Furman, JJ and Ghemawat, Sanjay and Gubarev, Andrey and Heiser, Christopher and Hochschild, Peter and others},
  journal={ACM Transactions on Computer Systems (TOCS)},
  volume={31},
  number={3},
  pages={8},
  year={2013},
  publisher={ACM}
}

@inproceedings{haystack,
  title={Finding a Needle in Haystack: Facebook's Photo Storage.},
  author={Beaver, Doug and Kumar, Sanjeev and Li, Harry C and Sobel, Jason and Vajgel, Peter and others},
  booktitle={OSDI},
  volume={10},
  pages={1--8},
  year={2010}
}

@inproceedings{dynamo,
  title={Dynamo: amazon's highly available key-value store},
  author={DeCandia, Giuseppe and Hastorun, Deniz and Jampani, Madan and Kakulapati, Gunavardhan and Lakshman, Avinash and Pilchin, Alex and Sivasubramanian, Swaminathan and Vosshall, Peter and Vogels, Werner},
  booktitle={ACM SIGOPS Operating Systems Review},
  volume={41},
  number={6},
  pages={205--220},
  year={2007},
  organization={ACM}
}

@inproceedings{cassandra,
  title={Cassandra: structured storage system on a p2p network},
  author={Lakshman, Avinash and Malik, Prashant},
  booktitle={Proceedings of the 28th ACM symposium on Principles of distributed computing},
  pages={5--5},
  year={2009},
  organization={ACM}
}

@article{hive,
  title={Hive: a warehousing solution over a map-reduce framework},
  author={Thusoo, Ashish and Sarma, Joydeep Sen and Jain, Namit and Shao, Zheng and Chakka, Prasad and Anthony, Suresh and Liu, Hao and Wyckoff, Pete and Murthy, Raghotham},
  journal={Proceedings of the VLDB Endowment},
  volume={2},
  number={2},
  pages={1626--1629},
  year={2009},
  publisher={VLDB Endowment}
}

@article{pdb,
  title={Parallel database systems: the future of high performance database systems},
  author={DeWitt, David and Gray, Jim},
  journal={Communications of the ACM},
  volume={35},
  number={6},
  pages={85--98},
  year={1992},
  publisher={ACM}
}

@article{condor,
  title={Distributed computing in practice: The Condor experience},
  author={Thain, Douglas and Tannenbaum, Todd and Livny, Miron},
  journal={Concurrency and Computation: Practice and Experience},
  volume={17},
  number={2-4},
  pages={323--356},
  year={2005},
  publisher={Wiley Online Library}
}

@inproceedings{grace,
  title={GRace: a low-overhead mechanism for detecting data races in GPU programs},
  author={Zheng, Mai and Ravi, Vignesh T and Qin, Feng and Agrawal, Gagan},
  booktitle={ACM SIGPLAN Notices},
  volume={46},
  number={8},
  pages={135--146},
  year={2011},
  organization={ACM}
}

@inproceedings{accelerator,
  title={Accelerator: using data parallelism to program GPUs for general-purpose uses},
  author={Tarditi, David and Puri, Sidd and Oglesby, Jose},
  booktitle={ACM SIGARCH Computer Architecture News},
  volume={34},
  number={5},
  pages={325--335},
  year={2006},
  organization={ACM}
}

@inproceedings{mars,
  title={Mars: a MapReduce framework on graphics processors},
  author={He, Bingsheng and Fang, Wenbin and Luo, Qiong and Govindaraju, Naga K and Wang, Tuyong},
  booktitle={Proceedings of the 17th international conference on Parallel architectures and compilation techniques},
  pages={260--269},
  year={2008},
  organization={ACM}
}

@article{metis,
  title={Optimizing MapReduce for multicore architectures},
  author={Mao, Yandong and Morris, Robert and Kaashoek, M Frans},
  journal={Computer Science and Artificial Intelligence Laboratory, Massachusetts Institute of Technology, Tech. Rep},
  year={2010}
}

@inproceedings{phoenix07,
  title={Evaluating mapreduce for multi-core and multiprocessor systems},
  author={Ranger, Colby and Raghuraman, Ramanan and Penmetsa, Arun and Bradski, Gary and Kozyrakis, Christos},
  booktitle={High Performance Computer Architecture, 2007. HPCA 2007. IEEE 13th International Symposium on},
  pages={13--24},
  year={2007},
  organization={IEEE}
}

@inproceedings{phoenix09,
  title={Phoenix rebirth: Scalable MapReduce on a large-scale shared-memory system},
  author={Yoo, Richard M and Romano, Anthony and Kozyrakis, Christos},
  booktitle={Workload Characterization, 2009. IISWC 2009. IEEE International Symposium on},
  pages={198--207},
  year={2009},
  organization={IEEE}
}

@article{mapredlearning,
  title={Map-reduce for machine learning on multicore},
  author={Chu, Cheng and Kim, Sang Kyun and Lin, Yi-An and Yu, YuanYuan and Bradski, Gary and Ng, Andrew Y and Olukotun, Kunle},
  journal={Advances in neural information processing systems},
  volume={19},
  pages={281},
  year={2007},
  publisher={MIT; 1998}
}

@article{dccomputer,
  title={The data center is the computer},
  author={Patterson, David A},
  journal={Communications of the ACM},
  volume={51},
  number={1},
  pages={105--105},
  year={2008}
}

@article{dcascomputer,
  title={The Datacenter as a Computer: An Introduction to the Design of Warehouse-Scale Machines},
  author={Hoelzle, Urs and Barroso, Luiz Andre},
  year={2009},
  publisher={Morgan and Claypool Publishers}
}

@inproceedings{dcos,
  title={The datacenter needs an operating system},
  author={Zaharia, Matei and Hindman, Benjamin and Konwinski, Andy and Ghodsi, Ali and Joesph, Anthony D and Katz, Randy and Shenker, Scott and Stoica, Ion},
  booktitle={Proceedings of the 3rd USENIX conference on Hot topics in cloud computing},
  pages={17--17},
  year={2011},
  organization={USENIX Association}
}

@inproceedings{dcworkload,
  title={High volume throughput computing: Identifying and characterizing throughput oriented workloads in data centers},
  author={Zhan, Jianfeng and Zhang, Lixin and Sun, Ninghui and Wang, Lei and Jia, Zhen and Luo, Chunjie},
  booktitle={Parallel and Distributed Processing Symposium Workshops \& PhD Forum (IPDPSW), 2012 IEEE 26th International},
  pages={1712--1721},
  year={2012},
  organization={IEEE}
}

@inproceedings{dctraffic,
  title={Understanding data center traffic characteristics},
  author={Benson, Theophilus and Anand, Ashok and Akella, Aditya and Zhang, Ming},
  journal={ACM SIGCOMM Computer Communication Review},
  volume={40},
  number={1},
  pages={92--99},
  year={2010},
  publisher={ACM}
}

@inproceedings{dctrafficnature,
  title={The nature of data center traffic: measurements \& analysis},
  author={Kandula, Srikanth and Sengupta, Sudipta and Greenberg, Albert and Patel, Parveen and Chaiken, Ronnie},
  booktitle={Proceedings of the 9th ACM SIGCOMM conference on Internet measurement conference},
  pages={202--208},
  year={2009},
  organization={ACM}
}

@inproceedings{dcnet,
  title={VL2: a scalable and flexible data center network},
  author={Greenberg, Albert and Hamilton, James R and Jain, Navendu and Kandula, Srikanth and Kim, Changhoon and Lahiri, Parantap and Maltz, David A and Patel, Parveen and Sengupta, Sudipta},
  booktitle={ACM SIGCOMM Computer Communication Review},
  volume={39},
  number={4},
  pages={51--62},
  year={2009},
  organization={ACM}
}

@inproceedings{dcfacebook,
  title={Data warehousing and analytics infrastructure at facebook},
  author={Thusoo, Ashish and Shao, Zheng and Anthony, Suresh and Borthakur, Dhruba and Jain, Namit and Sen Sarma, Joydeep and Murthy, Raghotham and Liu, Hao},
  booktitle={Proceedings of the 2010 ACM SIGMOD International Conference on Management of data},
  pages={1013--1020},
  year={2010},
  organization={ACM}
}

@article{googlecluster,
  title={Web search for a planet: The Google cluster architecture},
  author={Barroso, Luiz Andr{\'e} and Dean, Jeffrey and Holzle, Urs},
  journal={Micro, IEEE},
  volume={23},
  number={2},
  pages={22--28},
  year={2003},
  publisher={IEEE}
}

@article{mapredsurvey,
  title={Parallel data processing with MapReduce: a survey},
  author={Lee, Kyong-Ha and Lee, Yoon-Joon and Choi, Hyunsik and Chung, Yon Dohn and Moon, Bongki},
  journal={ACM SIGMOD Record},
  volume={40},
  number={4},
  pages={11--20},
  year={2012},
  publisher={ACM}
}

@inproceedings{comparison,
  title={A comparison of approaches to large-scale data analysis},
  author={Pavlo, Andrew and Paulson, Erik and Rasin, Alexander and Abadi, Daniel J and DeWitt, David J and Madden, Samuel and Stonebraker, Michael},
  booktitle={Proceedings of the 2009 ACM SIGMOD International Conference on Management of data},
  pages={165--178},
  year={2009},
  organization={ACM}
}

@inproceedings{scientificmapred,
  title={Mapreduce for data intensive scientific analyses},
  author={Ekanayake, Jaliya and Pallickara, Shrideep and Fox, Geoffrey},
  booktitle={eScience, 2008. eScience'08. IEEE Fourth International Conference on},
  pages={277--284},
  year={2008},
  organization={IEEE}
}

@inproceedings{teradatahadoop,
  title={Integrating hadoop and parallel dbms},
  author={Xu, Yu and Kostamaa, Pekka and Gao, Like},
  booktitle={Proceedings of the 2010 ACM SIGMOD International Conference on Management of data},
  pages={969--974},
  year={2010},
  organization={ACM}
}

@article{mapred-dbms,
  title={MapReduce and parallel DBMSs: friends or foes?},
  author={Stonebraker, Michael and Abadi, Daniel and DeWitt, David J and Madden, Sam and Paulson, Erik and Pavlo, Andrew and Rasin, Alexander},
  journal={Communications of the ACM},
  volume={53},
  number={1},
  pages={64--71},
  year={2010},
  publisher={ACM}
}

@inproceedings{rtbdsurvey,
  title={Survey of real-time processing systems for big data},
  author={Liu, Xiufeng and Iftikhar, Nadeem and Xie, Xike},
  booktitle={Proceedings of the 18th International Database Engineering \& Applications Symposium},
  pages={356--361},
  year={2014},
  organization={ACM}
}



@inproceedings{rope,
  title={Reoptimizing Data Parallel Computing.},
  author={Agarwal, Sameer and Kandula, Srikanth and Bruno, Nicolas and Wu, Ming-Chuan and Stoica, Ion and Zhou, Jingren},
  booktitle={NSDI},
  pages={281--294},
  year={2012}
}

@inproceedings{pfabric,
  title={pfabric: Minimal near-optimal datacenter transport},
  author={Alizadeh, Mohammad and Yang, Shuang and Sharif, Milad and Katti, Sachin and McKeown, Nick and Prabhakar, Balaji and Shenker, Scott},
  booktitle={Proceedings of the ACM SIGCOMM 2013 conference on SIGCOMM},
  pages={435--446},
  year={2013},
  organization={ACM}
}

@inproceedings{mantri,
  title={Reining in the Outliers in Map-Reduce Clusters using Mantri.},
  author={Ananthanarayanan, Ganesh and Kandula, Srikanth and Greenberg, Albert G and Stoica, Ion and Lu, Yi and Saha, Bikas and Harris, Edward},
  booktitle={OSDI},
  volume={10},
  number={1},
  pages={24},
  year={2010}
}

@inproceedings{microte,
  title={Microte: fine grained traffic engineering for data centers},
  author={Benson, Theophilus and Anand, Ashok and Akella, Aditya and Zhang, Ming},
  booktitle={Proceedings of the Seventh COnference on emerging Networking EXperiments and Technologies},
  pages={8},
  year={2011},
  organization={ACM}
}

@inproceedings{farm,
  title={FaRM: fast remote memory},
  author={Dragojevi{\'c}, Aleksandar and Narayanan, Dushyanth and Hodson, Orion and Castro, Miguel},
  booktitle={Proceedings of the 11th USENIX Symposium on Networked Systems Design and Implementation (NSDI 14)},
  year={2014},
  organization={USENIX}
}

@inproceedings{pane,
  title={Participatory networking: An API for application control of SDNs},
  author={Ferguson, Andrew D and Guha, Arjun and Liang, Chen and Fonseca, Rodrigo and Krishnamurthi, Shriram},
  booktitle={Proceedings of the ACM SIGCOMM 2013 conference on SIGCOMM},
  pages={327--338},
  year={2013},
  organization={ACM}
}

@inproceedings{vl2,
  title={VL2: a scalable and flexible data center network},
  author={Greenberg, Albert and Hamilton, James R and Jain, Navendu and Kandula, Srikanth and Kim, Changhoon and Lahiri, Parantap and Maltz, David A and Patel, Parveen and Sengupta, Sudipta},
  booktitle={ACM SIGCOMM Computer Communication Review},
  volume={39},
  number={4},
  pages={51--62},
  year={2009},
  organization={ACM}
}

@inproceedings{onebigswitch,
  title={Optimizing the one big switch abstraction in software-defined networks},
  author={Kang, Nanxi and Liu, Zhenming and Rexford, Jennifer and Walker, David},
  booktitle={Proceedings of the ninth ACM conference on Emerging networking experiments and technologies},
  pages={13--24},
  year={2013},
  organization={ACM}
}

@article{criticalpath,
  title={Critical-path planning and scheduling: Mathematical basis},
  author={Kelley Jr, James E},
  journal={Operations Research},
  volume={9},
  number={3},
  pages={296--320},
  year={1961},
  publisher={INFORMS}
}

@article{minconopenshop,
  title={Minimizing the sum of weighted completion times in a concurrent open shop},
  author={Mastrolilli, Monaldo and Queyranne, Maurice and Schulz, Andreas S and Svensson, Ola and Uhan, Nelson A},
  journal={Operations Research Letters},
  volume={38},
  number={5},
  pages={390--395},
  year={2010},
  publisher={Elsevier}
}

@article{inqswitch,
  title={Achieving 100\% throughput in an input-queued switch},
  author={McKeown, Nick and Mekkittikul, Adisak and Anantharam, Venkat and Walrand, Jean},
  journal={Communications, IEEE Transactions on},
  volume={47},
  number={8},
  pages={1260--1267},
  year={1999},
  publisher={IEEE}
}

@article{noteconopenshop,
  title={A note on the complexity of the concurrent open shop problem},
  author={Roemer, Thomas A},
  journal={Journal of scheduling},
  volume={9},
  number={4},
  pages={389--396},
  year={2006},
  publisher={Springer}
}

@inproceedings{seawall,
  title={Sharing the Data Center Network.},
  author={Shieh, Alan and Kandula, Srikanth and Greenberg, Albert G and Kim, Changhoon and Saha, Bikas},
  booktitle={NSDI},
  year={2011}
}

@article{bridgingparallel,
  title={A bridging model for parallel computation},
  author={Valiant, Leslie G},
  journal={Communications of the ACM},
  volume={33},
  number={8},
  pages={103--111},
  year={1990},
  publisher={ACM}
}

@inproceedings{lotterysched,
  title={Lottery scheduling: Flexible proportional-share resource management},
  author={Waldspurger, Carl A and Weihl, William E},
  booktitle={Proceedings of the 1st USENIX conference on Operating Systems Design and Implementation},
  pages={1},
  year={1994},
  organization={USENIX Association}
}

@article{tivc,
  title={The only constant is change: incorporating time-varying network reservations in data centers},
  author={Xie, Di and Ding, Ning and Hu, Y Charlie and Kompella, Ramana},
  journal={ACM SIGCOMM Computer Communication Review},
  volume={42},
  number={4},
  pages={199--210},
  year={2012},
  publisher={ACM}
}

@inproceedings{dcube,
  title={Better never than late: Meeting deadlines in datacenter networks},
  author={Wilson, Christo and Ballani, Hitesh and Karagiannis, Thomas and Rowtron, Ant},
  booktitle={ACM SIGCOMM Computer Communication Review},
  volume={41},
  number={4},
  pages={50--61},
  year={2011},
  organization={ACM}
}

@article{detail,
  title={DeTail: reducing the flow completion time tail in datacenter networks},
  author={Zats, David and Das, Tathagata and Mohan, Prashanth and Borthakur, Dhruba and Katz, Randy},
  journal={ACM SIGCOMM Computer Communication Review},
  volume={42},
  number={4},
  pages={139--150},
  year={2012},
  publisher={ACM}
}

@article{pdq,
  title={Finishing flows quickly with preemptive scheduling},
  author={Hong, Chi-Yao and Caesar, Matthew and Godfrey, P},
  journal={ACM SIGCOMM Computer Communication Review},
  volume={42},
  number={4},
  pages={127--138},
  year={2012},
  publisher={ACM}
}

@article{perfair,
  title={Towards Performance-Centric Fairness in Datacenter Networks},
  author={Chen, Li and Feng, Yuan and Li, Baochun and Li, Bo}
}

