

@article{models,
  title={Models and languages for parallel computation},
  author={Skillicorn, David B and Talia, Domenico},
  journal={ACM Computing Surveys (CSUR)},
  volume={30},
  number={2},
  pages={123--169},
  year={1998},
  publisher={ACM}
}

@article{pvm,
  title={{PVM}: A framework for parallel distributed computing},
  author={Sunderam, Vaidy S.},
  journal={Concurrency: practice and experience},
  volume={2},
  number={4},
  pages={315--339},
  year={1990},
  publisher={Wiley Online Library}
}

@misc{mpi,
  title={{MPI}: A message-passing interface standard},
  author={Lusk, Ewing and Huss, S and Saphir, B and Snir, M},
  year={2009}
}

@book{dbpp,
  title={Designing and building parallel programs},
  author={Foster, Ian},
  year={1995},
  publisher={Addison Wesley Publishing Company}
}

@article{highcluster1,
  title={High Performance Cluster Computing: Architecture and Systems, Volume I},
  author={Buyya, Rajkumar},
  journal={Prentice Hall, Upper SaddleRiver, NJ, USA},
  volume={1},
  pages={999},
  year={1999}
}

@article{highcluster2,
  title={High performance cluster computing: programming and applications, Volume II},
  author={Buyya, Rajkumar},
  journal={Prentice Hall, Upper SaddleRiver, NJ, USA},
  year={1999}
}

@book{foundations,
  title={Foundations of parallel programming},
  author={Skillicorn, David B},
  number={6},
  year={2005},
  publisher={Cambridge University Press}
}

@article{mathmodels,
  title={Mathematical models of distributed computation},
  author={Pritchard, David J},
  journal={Traian Muntean, editor},
  pages={25--36},
  year={1987}
}

@article{paradigms,
  title={Model programs for computational science: A programming methodology for multicomputers},
  author={Hansen, Per Brinch},
  journal={Concurrency: practice and experience},
  volume={5},
  number={5},
  pages={407--423},
  year={1993},
  publisher={Wiley Online Library}
}


@inproceedings{stork,
  title={Stork: Making data placement a first class citizen in the grid},
  author={Kosar, Tevfik and Livny, Miron},
  booktitle={Distributed Computing Systems, 2004. Proceedings. 24th International Conference on},
  pages={342--349},
  year={2004},
  organization={IEEE}
}




@article{anthony,
  title={Performance studies of high-speed communication on commodity cluster},
  author={Chun, Tam Tat},
  year={2001},
  publisher={Citeseer}
}

@article{tamclwang03,
  title={Contention-aware communication schedule for high-speed communication},
  author={Tam, Anthony TC and Wang, Cho-Li},
  journal={Cluster Computing},
  volume={6},
  number={4},
  pages={339--353},
  year={2003},
  publisher={Springer}
}

@article{clwangtam01,
  title={Directed point: High performance communication subsystem for gigabit networking in clusters},
  author={Wang, Cho-Li and Tam, A and Cheung, B and Zhu, WZ and Lee, CM},
  journal={Journal of Future Generation Computer Systems},
  volume={18},
  number={4},
  year={2001}
}

@inproceedings{tamclwang00,
  title={Contention-free complete exchange algorithm on clusters},
  author={Tam, Anthony TC and Wang, Cho-Li},
  booktitle={Cluster Computing, 2000. Proceedings. IEEE International Conference on},
  pages={57--64},
  year={2000},
  organization={IEEE}
}

@inproceedings{tamclwang00e,
  title={Efficient scheduling of complete exchange on clusters},
  author={Tam, A and Wang, Cho-Li},
  booktitle={the ISCA 13th International Conference on Parallel and Distributed Computing Systems},
  pages={111--116},
  year={2000},
  organization={Citeseer}
}

@inproceedings{zhuclwang00,
  title={High performance communication subsystem for clustering standard high-volume servers using Gigabit Ethernet},
  author={Zhu, Wenzhang and Lee, David and Wang, Cho-Li},
  booktitle={High Performance Computing in the Asia-Pacific Region, 2000. Proceedings. The Fourth International Conference/Exhibition on},
  volume={1},
  pages={184--189},
  year={2000},
  organization={IEEE}
}

@inproceedings{wongclwang00,
  title={Efficient reliable broadcast for commodity clusters},
  author={Wong, Kwan-Po and Wang, Cho-Li},
  booktitle={High Performance Computing in the Asia-Pacific Region, 2000. Proceedings. The Fourth International Conference/Exhibition on},
  volume={2},
  pages={929--934},
  year={2000},
  organization={IEEE}
}

@inproceedings{tamclwang99,
  title={Realistic communication model for parallel computing on cluster},
  author={Tam, Anthony TC and Wang, Cho-Li},
  booktitle={Cluster Computing, 1999. Proceedings. 1st IEEE Computer Society International Workshop on},
  pages={92--101},
  year={1999},
  organization={IEEE}
}

@inproceedings{wongclwang99,
  title={Push-Pull Messaging: a high-performance communication mechanism for commodity SMP clusters},
  author={Wong, Kwan-Po and Wang, Cho-Li},
  booktitle={Parallel Processing, 1999. Proceedings. 1999 International Conference on},
  pages={12--19},
  year={1999},
  organization={IEEE}
}

@inproceedings{leeclwang98,
  title={Directed point: An efficient communication subsystem for cluster computing},
  author={Lee, Chun-Ming and Tam, Anthony and Wang, Cho-Li},
  booktitle={The International Conference on Parallel and Distributed Computing Systems (IASTED)},
  year={1998}
}

