@misc{online:zookeeper, author = {Apache}, title = {{ZooKeeper}}, howpublished = {http://zookeeper.apache.org}}
@misc{online:hadoop, author = {Apache}, title = {Hadoop}, howpublished = {http://hadoop.apache.org}}
@misc{online:giraph, author = {Apache}, tile = {Giraph}, howpublished = {http://giraph.apache.org}}
@misc{online:hama, author = {Apache}, tile = {Hama}, howpublished = {https://hama.apache.org}}
@misc{online:mahout, author = {Apache}, title = {Mahout}, howpublished = {https://mahout.apache.org}}
@misc{online:hive, author = {Apache}, title = {Hive}, howpublished = {https://hive.apache.org}}
@misc{online:mesos, author = {Apache}, title = {Mesos}, howpublished = {http://mesos.apache.org}}
@misc{online:spark, author = {Apache}, title = {Spark: Lightning-fast cluster computing}, howpublished = {https://spark.apache.org}}
@misc{online:storm, author = {}, title = {Storm: Distributed and fault-tolerant realtime computation}, howpublished = {https://storm.incubator.apache.org}}
@misc{online:openmp, author = {}, title = {{OpenMP}}, howpublished = {http://openmp.org}}
@misc{online:mpich, author = {}, title = {{MIPCH: High-Performance Portable MPI}}, howpublished = {http://www.mpich.org}}
@misc{online:openmpi, author = {}, title = {{Open MPI}: Open Source High Performance Computing}, howpublished = {http://www.open-mpi.org}}
@misc{online:pvm, author = {}, title = {{PVM}: Parallel Virtual Machine}, howpublished = {http://www.csm.ornl.gov/pvm/}}
@misc{online:ovs, author = {}, title = {{Open vSwitch: An Open Virtual Switch}}, howpublished = {http://openvswitch.org}}
@misc{online:hp2920, author = {{HP}}, title = {{HP 2920 Switch Series}}, howpublished = {http://www.hp.com/networking/2920}}
@misc{online:brocadecer2000, author = {Brocade}, title = {Brocade NetIron CER 2000 Series}, howpublished = {http://www.brocade.com/products/all/routers/product-details/netiron-cer-2000-series/index.page}}
@misc{online:pica8, author = {Pica8}, title = {Pica8 Open Networking}, howpublished = {http://www.pica8.com}}
@misc{online:onf, author = {{ONF}}, title = {Open Networking Foundation}, howpublished = {https://www.opennetworking.org}}
@misc{online:sdn, author = {{ONF}}, title = {{Software-Defined Networking (SDN) Definition}}, howpublished = {https://www.opennetworking.org/sdn-resources/sdn-definition}}
@misc{online:onfmembers, author = {{ONF}}, title = {Member Companies}, howpublished = {https://www.opennetworking.org/membership/member-listing}}
@misc{online:nox, author = {}, title = {{NOX}}, howpublished = {http://www.noxrepo.org}}
@misc{online:beacon, author = {}, title = {Beacon}, howpublished = {https://openflow.stanford.edu/display/Beacon/Home}}
@misc{online:ryu, author = {}, title = {Ryu}, howpublished = {http://osrg.github.io/ryu/}}
@misc{online:dbpp, author = {Ian Foster}, tile = {{Designing and Building Parallel Programs}}, howpublished = {http://www.mcs.anl.gov/~itf/dbpp/}}
@misc{online:googlescholar, author={Google},title={Google Scholar},howpublished={http://scholar.google.com}}
@misc{online:databricks, author = {}, title = {{DATABRICKS}}, howpublished = {http://databricks.com}}
@misc{online:condor, author = {}, title = {{HTCondor}}, howpublished = {http://research.cs.wisc.edu/htcondor/}}
@misc{online:graphlab, author = {}, title = {{GraphLab}}, howpublished = {http://graphlab.org/projects/index.html}}
@misc{online:nimbus, author = {}, title = {Nimbus}, howpublished = {http://www.nimbusproject.org}}
@misc{online:ec2, author = {Amazon}, title = {EC2}, howpublished = {http://aws.amazon.com/ec2/}}
@misc{online:systempaper, author={Levin, Roy and Redell, David D}, title = {How (and How Not) to Write a Good Systems Paper}, howpublished = {https://www.usenix.org/legacy/event/samples/submit/advice.htm}}
@misc{online:hpsdn, author = {HP}, title = {{Software Defined Networking}}, howpublished = {http://sdndevcenter.hp.com}}
@misc{online:riscv, author = {}, title = {{The RISC-V Instruction Set Architecture}}, howpublished = {http://riscv.org}}
@misc{online:amplabbenchmark, author = {}, title = {{Big Data Benchmark}}, howpublished = {https://amplab.cs.berkeley.edu/benchmark/}}
@misc{online:akka, author = {}, title = {Build powerful concurrent \& distributed applications more easily.}, howpublished = {http://akka.io}}
@misc{online:kryo, author = {Kryo}, title = {Fast, efficient Java serialization and cloning.}, howpublished = {https://code.google.com/p/kryo/}}
@misc{online:pane, author = {{Participatory Networking}}, title = {{A user-level API for SDNs}}, howpublished = {http://pane.cs.brown.edu}}
@misc{online:tachyon, author = {Tachyon}, title = {memory-centric distributed file system}, howpublished = {http://tachyon-project.org}}
@misc{online:coflowsim, author = {}, title = {CoflowSim}, howpublished = {https://github.com/coflow/coflowsim}}
