@misc{hp:of1.3, author = {HP}, title = {OpenFlow 1.3 Administrator Guide}, howpublished = {HP Part Number: 5998-5517}}
@misc{hp:operation, author = {HP}, title = {Switch Software Basic Operation Guide}, howpublished = {HP Part Number: 5998-5454}}
@misc{hp:traffic, author = {HP}, title = {Switch Software Advanced Traffic Management Guide}, howpublished = {2920 Switch, Software version WB.15.11}}
@misc{hp:configuration, author = {HP}, title = {Management and Configuration Guide for WB.15.15}, howpublished = {HP Part Number: 5998-5704}}
@misc{onf:of1.1.0, author = {ONF}, title = {OpenFlow Switch Specification, Version 1.1.0}, howpublished = {https://www.opennetworking.org}}
@misc{onf:of1.3.0, author = {ONF}, title = {OpenFlow Switch Specification, Version 1.3.0}, howpublished = {https://www.opennetworking.org}}
@misc{onf:of1.3.4, author = {ONF}, title = {OpenFlow Switch Specification, Version 1.3.4}, howpublished = {https://www.opennetworking.org}}
@misc{onf:of1.4.0, author = {ONF}, title = {OpenFlow Switch Specification, Version 1.4.0}, howpublished = {https://www.opennetworking.org}}
@misc{onf:sdnarch, author = {ONF}, title = {{SDN Architecture, Issue 1}}, howpublished = {https://www.opennetworking.org}}
@misc{onf:sdnarchover, author = {ONF}, title = {{SDN Architecture Overview}}, howpublished = {https://www.opennetworking.org}}
@misc{onf:newnorm, author = {ONF}, title = {{SDN: The New Norm for Networks}}, howpublished = {https://www.opennetworking.org}}
